<?xml version="1.0" encoding="UTF-8"?><collection><record><leader>06179ntm a2200577 a 4500</leader><controlfield tag="001">006812983</controlfield><controlfield tag="003">MiAaHDL</controlfield><controlfield tag="005">20190719000000.0</controlfield><controlfield tag="006">m        d        </controlfield><controlfield tag="007">cr bn ---auaua</controlfield><controlfield tag="008">090604s1795    xx            00| ||per d</controlfield><datafield tag="035" ind1=" " ind2=" "><subfield code="a">(MiU)006812983</subfield></datafield><datafield tag="035" ind1=" " ind2=" "><subfield code="a">sdr-miu006812983</subfield></datafield><datafield tag="040" ind1=" " ind2=" "><subfield code="a">MiU</subfield><subfield code="c">MiU</subfield><subfield code="e">amremm</subfield></datafield><datafield tag="043" ind1=" " ind2=" "><subfield code="a">n-us-mi</subfield></datafield><datafield tag="100" ind1="0" ind2=" "><subfield code="6">880-01</subfield><subfield code="a">Saʻdī.</subfield></datafield><datafield tag="240" ind1="1" ind2="0"><subfield code="6">880-02</subfield><subfield code="a">Works</subfield></datafield><datafield tag="245" ind1="1" ind2="0"><subfield code="6">880-03</subfield><subfield code="a">Kullīyāt-i Shaykh Saʻdī,</subfield><subfield code="f">[1209?, i.e. 1795?].</subfield></datafield><datafield tag="246" ind1="3" ind2=" "><subfield code="i">Edge title (head):</subfield><subfield code="a">كليات شيخ سعدى</subfield></datafield><datafield tag="260" ind1=" " ind2=" "><subfield code="c">[1795?].</subfield></datafield><datafield tag="300" ind1=" " ind2=" "><subfield code="a">346 leaves :</subfield><subfield code="b">paper ;</subfield><subfield code="c">230 x 145 mm.</subfield></datafield><datafield tag="500" ind1=" " ind2=" "><subfield code="a">Shelfmark: Ann Arbor, University of Michigan, Special Collections Library, Isl. Ms. 297</subfield></datafield><datafield tag="500" ind1=" " ind2=" "><subfield code="a">Origin: As appears in colophon on p.690, copied by Muḥammad Raḥīm ibn Muḥammad Ẕurrīyah [?] with transcription completed 6 Shaʻbān 1209 [?] [ca. 26 February 1795 ?].</subfield></datafield><datafield tag="500" ind1=" " ind2=" "><subfield code="a">Former shelfmark: "151 T. D. M. [i.e. Tammaro De Marinis]" inscribed in pencil on verso of front flyleaf ; "15/7" inscribed in ink on 'title page' (p.1).</subfield></datafield><datafield tag="500" ind1=" " ind2=" "><subfield code="a">Binding: Heavy pasteboards covered in painted lacquerwork, spine and hinges in dark red brown leather ; Type III binding (without flap) ; two-piece binding (overlapping flanges visible at spine) ; doublures in fine painted lacquerwork of composition evoking book cover design with central mandorla and pendants (filled with flowers and leaves in bronze / gold on a black ground) as well as vegetal border ; upper and lower covers also in fine painted lacquerwork of composition evoking book cover design with central mandorla, pendants and cornerpieces (filled with flowers and leaves in bronze / gold on a dark red ground) surrounded by swirling floral vegetal pattern in bronze / gold ; flyleaves in shell marbled paper (mainly in pink, blue) ; sewn in red and green thread, two stations ; worked chevron endbands in light green and pink, good condition ; overall in fairly good condition with minor abrasion and losses to lacquerwork and pasteboard, etc. ; binding may be earlier than text block.</subfield></datafield><datafield tag="500" ind1=" " ind2=" "><subfield code="a">Support: European laid paper with 10 laid lines per cm. (vertical), chain lines spaced 22-24 mm. apart (horizontal), and watermark of smiling lion guardant passant (see p.8-9, 24-25, etc.) ; creamy, lightly burnished, thin and transluscent though sturdy.</subfield></datafield><datafield tag="500" ind1=" " ind2=" "><subfield code="a">Decoration: Splendid illuminated headpiece (ʻunwān / sarlawḥ) at opening on p.2 consisting of large rectangular panel with gold cartouche carrying section heading in red flanked by light blue pendants and surrounded by swirling arabesque in gold with red, green, yellow, pink, etc. floral accents on a dark blue ground, surmounted by vertically elongated w-shaped piece filled with elaborate floral vegetal design in shades of pink, lavender, blue, green, yellow, etc. on fields of dark blue and gold, all set in a well of heavy gold interlace ; a smaller version of the central headpiece same appears in the margin ; illuminated marginal decoration on incipit and facing page consisting of a swirling vegetal composition in gold with blue accents ; additional exquisite double-page illuminations at openings of Gulistān (p.46-47) and Būstān (p.152-153) ; smaller, simpler illuminated headpieces at section openings ; occasional illuminated accents with arabesque or chī cloud designs appear in triangular panels of the marginal written area ; written area of incipit and facing page set off by gold cloud-bands ; written area (columns within and margin) surrounded by gold frame ; keywords and section headings rubricated.</subfield></datafield><datafield tag="500" ind1=" " ind2=" "><subfield code="a">Script: Nastaʻlīq ; elegant hand ; serifless with effect of words descending to baseline, elongation of horizontal strokes, mainly closed counters, pointing in distinct dots.</subfield></datafield><datafield tag="500" ind1=" " ind2=" "><subfield code="a">Layout: Written in 15 lines per page, with up to 28 lines on the diagonal in the margin ; frame-ruled ; written area occasionally divided to two columns to set off verses.</subfield></datafield><datafield tag="500" ind1=" " ind2=" "><subfield code="a">Collation: 43 IV(344), I (346), i ; almost exclusively quaternions ; catchwords present ; pagination in pencil, Western numerals.</subfield></datafield><datafield tag="500" ind1=" " ind2=" "><subfield code="a">Colophon: "Scribal," in Arabic and Persian, reads "وقع الفراق من تسويد هذا الكتاب كليات شيخ سعدى رحمه الله بتاريخ يوم پنجشنبه ششم شهر شعبان المعظم سنه ١٢٩ من الهجرة النبوية المصطفوية عليه السلام بر يد الضعيف النخيف الراجى الى رحمة الملك المتعال محمد رحيم ابن محمد ژریه حفظه الله تعالى من جميع الافات ... انشا الله تعالى"</subfield></datafield><datafield tag="500" ind1=" " ind2=" "><subfield code="a">Explicit: "طبل فرد می ماند تمت هزلیات و مضحكات"</subfield></datafield><datafield tag="500" ind1=" " ind2=" "><subfield code="a">Incipit: "سپاس بیغایت و ستایش بینهایت آفریدگاری اجل جلاله و عم نواله ..."</subfield></datafield><datafield tag="500" ind1=" " ind2=" "><subfield code="a">Title from colophon on p.690.</subfield></datafield><datafield tag="500" ind1=" " ind2=" "><subfield code="a">Ms. codex.</subfield></datafield><datafield tag="510" ind1="4" ind2=" "><subfield code="a">Cat. Pers. MSS. Brit. Mus.,</subfield><subfield code="c">p.595 ff.</subfield></datafield><datafield tag="520" ind1="8" ind2=" "><subfield code="a">Elegant copy of the collected works of Saʻdī.</subfield></datafield><datafield tag="538" ind1=" " ind2=" "><subfield code="a">Mode of access: Internet.</subfield></datafield><datafield tag="541" ind1=" " ind2=" "><subfield code="c">Purchase ;</subfield><subfield code="a">Acquired by purchase (funds donated by Horace Rackham).</subfield><subfield code="d">1924.</subfield></datafield><datafield tag="546" ind1=" " ind2=" "><subfield code="a">Persian.</subfield></datafield><datafield tag="561" ind1=" " ind2=" "><subfield code="a">Effaced oval seal impression at close on p.690 (resembles that on p.692) ; octagonal seal impression on p.691 ; oval seal impression with "محمد حسين بن حسين ..." repeated several times on final leaf (p.692).</subfield></datafield><datafield tag="650" ind1=" " ind2="0"><subfield code="a">Manuscripts, Persian</subfield><subfield code="z">Michigan</subfield><subfield code="z">Ann Arbor.</subfield></datafield><datafield tag="650" ind1=" " ind2="0"><subfield code="a">Persian poetry</subfield><subfield code="y">747-1500.</subfield></datafield><datafield tag="655" ind1=" " ind2="7"><subfield code="a">Headpieces (layout features)</subfield><subfield code="y">18th century.</subfield><subfield code="2">aat</subfield></datafield><datafield tag="700" ind1="0" ind2=" "><subfield code="a">Abdülhamid</subfield><subfield code="b">II,</subfield><subfield code="c">Sultan of the Turks,</subfield><subfield code="d">1842-1918,</subfield><subfield code="e">former owner.</subfield></datafield><datafield tag="700" ind1="0" ind2=" "><subfield code="6">880-07</subfield><subfield code="a">Muḥammad Raḥīm ibn Muḥammad,</subfield><subfield code="d">fl. 1795?,</subfield><subfield code="e">scribe.</subfield></datafield><datafield tag="773" ind1="0" ind2=" "><subfield code="a">Abdul Hamid Collection.</subfield></datafield><datafield tag="880" ind1="0" ind2=" "><subfield code="6">700-07/</subfield><subfield code="a">محمد رحيم ابن محمد,</subfield><subfield code="e">ناسخ.</subfield></datafield><datafield tag="880" ind1="1" ind2="0"><subfield code="6">245-03/</subfield><subfield code="a">کلیات شیخ سعدی,</subfield><subfield code="f">[1209ه؟، 1795م؟].</subfield></datafield><datafield tag="880" ind1="1" ind2="0"><subfield code="6">240-02/</subfield><subfield code="a">كليات</subfield></datafield><datafield tag="880" ind1="0" ind2=" "><subfield code="6">100-01/</subfield><subfield code="a">سعدى.</subfield></datafield><datafield tag="CID" ind1=" " ind2=" "><subfield code="a">006812983</subfield></datafield><datafield tag="DAT" ind1="0" ind2=" "><subfield code="a">20190719102637.0</subfield><subfield code="b">20190719000000.0</subfield></datafield><datafield tag="DAT" ind1="1" ind2=" "><subfield code="a">20190719090653.0</subfield><subfield code="b">2019-07-19T16:11:48Z</subfield></datafield><datafield tag="DAT" ind1="2" ind2=" "><subfield code="a">2015-10-02T18:00:03Z</subfield></datafield><datafield tag="CAT" ind1=" " ind2=" "><subfield code="a">SDR-MIU</subfield><subfield code="d">EX LIBRIS - ALEPH</subfield><subfield code="l">prepare.pl-004-008</subfield></datafield><datafield tag="FMT" ind1=" " ind2=" "><subfield code="a">BK</subfield></datafield><datafield tag="HOL" ind1=" " ind2=" "><subfield code="0">sdr-miu006812983</subfield><subfield code="a">MiU</subfield><subfield code="b">SDR</subfield><subfield code="c">MIU</subfield><subfield code="p">mdp.39015079128156</subfield><subfield code="s">MIU</subfield><subfield code="1">006812983</subfield></datafield><datafield tag="974" ind1=" " ind2=" "><subfield code="b">MIU</subfield><subfield code="c">MIU</subfield><subfield code="d">20190719</subfield><subfield code="s">lit-dlps-dc</subfield><subfield code="u">mdp.39015079128156</subfield><subfield code="y">1795</subfield><subfield code="r">pd</subfield><subfield code="q">bib</subfield><subfield code="t">non-US bib date1 &lt; 1879</subfield></datafield></record></collection>